<?xml version="1.0" encoding="UTF-8"?><collection xmlns="http://www.loc.gov/MARC21/slim"><record><leader>00414nam--2200133-i-4500</leader><controlfield tag="001">000000140</controlfield><controlfield tag="002">20161230</controlfield><controlfield tag="005">20161230201023</controlfield><controlfield tag="008">060222s1000------------r-----000-0-eng-d</controlfield><datafield ind1=" " ind2=" " tag="080"><subfield code="a">616.39(043)</subfield></datafield><datafield ind1=" " ind2=" " tag="100"><subfield code="a">Germa, Simon</subfield></datafield><datafield ind1=" " ind2=" " tag="245"><subfield code="a">Les hemorragies gastro-duodenales dites de stress.a propos de 95 observations.these</subfield></datafield><datafield ind1=" " ind2=" " tag="260"><subfield code="a">Paris, Faculte De Madicine Saint-louis Lariboisiere.   50 P. + Xxiv P</subfield></datafield><datafield ind1=" " ind2=" " tag="852"><subfield code="a">40704</subfield></datafield></record></collection>